This entry should issue an error due to invalid entry type

@Arti_cle{asds,
	author = {Fehlerteufel},
	title = {This is an unknwon type},
	year  ={2005},
	journal = {Not important}
}

This entry should issue an error due to missing key
@Article{
	author = {Fehlerteufel},
	title = {Missing key},
	year  ={2005},
	journal = {Not important}
}
