This entry should issue an error due to quotes inside quotes.

@Article{key01,
  author = "Simon \"the saint\" Templar", 
}