This entry should issue an error due to an extra brace

@Article{key03,
  title = "The lonely { brace",
}