%%%%%%%%%%%%%%%%%%%%%%%%%%%%%%%%%%%%%%%%%%%%%%%%%%%%%%%%%%%%%%%%%%%%%%%%
%% $Id$
%%%%%%%%%%%%%%%%%%%%%%%%%%%%%%%%%%%%%%%%%%%%%%%%%%%%%%%%%%%%%%%%%%%%%%%%
% This file and the files in this directory and its subdirectories
% are intended to test several parts of the TeXnicCenter-system.
%
% Copyright (C) 2002-$CurrentYear$ ToolsCenter

% Their main purpose is to reproduce several bugs or behaviours coming
% up from missing features. They are neither a good starting point for
% working with TeX nor with the TeXnicCenter-system. If you use them,
% you do this on your own risk. They come WITHOUT ANY WARRANTY;
% without even the implied warranty of MERCHANTABILITY or
% FITNESS FOR A PARTICULAR PURPOSE.
%
% Anything below the "end of prolog"-line is for testing purposes only
% and does not reflect the opinions of the author(s) and is not meant
% to be a statement at all; it is even not said to be true or reliable.
%
% If you have further questions or if you want to support
% further TeXnicCenter development, visit the TeXnicCenter-homepage
%
%     http://www.ToolsCenter.org
%
% end of prolog %%%%%%%%%%%%%%%%%%%%%%%%%%%%%%%%%%%%%%%%%%%%%%%%%%%%%%%%

% ========================================================================
% ------------------------------------------------------------------------
% Literature file
% ------------------------------------------------------------------------
% ========================================================================

@ARTICLE{hesselink2dsimple,
  author =       "James Helman and Lambertus Hesselink",
  title =        "Representation and Display of Vector Field Topology in Fluid Flow Data Sets",
  year =         "1989",
  month =        "August",
  journal =      "IEEE Computer",
  volume =       "22",
  number =       "8",
  pages =        "27-36",
}


@INBOOK{firby2dfull,
  author =       "P.A. Firby and C.F. Gardiner",
  title =        "Surface Topology",
  publisher =    "Ellis Horwood Ltd.",
  year =         "1982",
  chapter =      "7",
  pages =        "115-135",
  note =         "Vector Fields on Surfaces",
}

@INCOLLECTION{stolk92,
  author =       "J. Stolk and J. van Wijk",
  title =        "Surface Particles for 3D flow visualization",
  booktitle =    "Advances in Scientific Visualization",
  editor =       "F. Post and A. Hin",
  publisher =    "Springer",
  year =         "1992",
  pages =        "119-130",
}

@ARTICLE{fastlichege,
  author =       "D. Stalling and H.-C. Hege",
  title =        "Fast and Resolution Independet Line Integral Convolution",
  journal =      "Proceedings Siggraph '95",
  year =         "1995",
  pages =        "249-256",
  note =         "Los Angeles",
}

@BOOK{openglredbook,
  author =       "Jackie Neider and Tom Davis and Mason Woo",
  title =        "OpenGL Programming Guide - The Official Guide to Learning OpenGL",
  publisher =    "Addison-Wesley Publishing Company",
  year =         "1993",
  edition =      "1",
  note =         "http://arctic.eng.iastate.edu:88/SGI\_Developer/OpenGL\_PG/",
  isbn =         "0-201-63274-8",
}


