This entry may issue an error due to an unquoted AT sign. Anyway, many BibTeX
programs allow this.

@Article{key01,
  title = { The history of @ sign } 
}